<?xml version="1.0" encoding="UTF-8"?><record xmlns="http://www.loc.gov/MARC21/slim" xmlns:cinclude="http://apache.org/cocoon/include/1.0" xmlns:zs="http://www.loc.gov/zing/srw/">
  <leader>00319nz  a2200121n  4500</leader>
  <controlfield tag="001">n  84208725 </controlfield>
  <controlfield tag="003">DLC</controlfield>
  <controlfield tag="005">19850314172821.0</controlfield>
  <controlfield tag="008">850129n| acannaab|          |n aaa |||  </controlfield>
  <datafield tag="010" ind1=" " ind2=" ">
    <subfield code="a">n  84208725 </subfield>
  </datafield>
  <datafield tag="040" ind1=" " ind2=" ">
    <subfield code="a">DLC</subfield>
    <subfield code="c">DLC</subfield>
    <subfield code="d">DLC</subfield>
  </datafield>
  <datafield tag="100" ind1="1" ind2="0">
    <subfield code="a">Maudlin, John H.</subfield>
  </datafield>
  <datafield tag="670" ind1=" " ind2=" ">
    <subfield code="a">Perspective design, c1985:</subfield>
    <subfield code="b">CIP t.p. (John H. Maudlin, Ph.D.)</subfield>
  </datafield>
</record>